75600000         211696196000117                    03325000000002358220A M COMERCIO DE ARTIGOS OPTICOSICOOB                                  21011201714423800000108500000                                                                     
75600011T01  043 2011696196000117          332500000203325000000002358220A M COMERCIO DE ARTIGOS OPTICO                                                                                000000001011201700000000                                 
7560001300001T 0203325000000002358220000000001001014     1404223-1       09122017000000000000300756033250                         091000084483270982CLAUDIOMIR JOSE CANAN                   0000000000000000000000000                           
7560001300002U 020000000000000000000000000000000000000000000000000000000000000000000000000000000000000000000000000000000000000000000000001011201700000000    00000000000000000000000                              75600000000000000000000       
7560001300003T 0203325000000002358220000000002801014     1404223-2       08012018000000000000300756033250                         091000084483270982CLAUDIOMIR JOSE CANAN                   0000000000000000000000000                           
7560001300004U 020000000000000000000000000000000000000000000000000000000000000000000000000000000000000000000000000000000000000000000000001011201700000000    00000000000000000000000                              75600000000000000000000       
7560001300005T 0203325000000002358220000000003501014     1404223-3       07022018000000000000300756033250                         091000084483270982CLAUDIOMIR JOSE CANAN                   0000000000000000000000000                           
7560001300006U 020000000000000000000000000000000000000000000000000000000000000000000000000000000000000000000000000000000000000000000000001011201700000000    00000000000000000000000                              75600000000000000000000       
7560001300007T 0203325000000002358220000000004201014     1404223-4       09032018000000000000300756033250                         091000084483270982CLAUDIOMIR JOSE CANAN                   0000000000000000000000000                           
7560001300008U 020000000000000000000000000000000000000000000000000000000000000000000000000000000000000000000000000000000000000000000000001011201700000000    00000000000000000000000                              75600000000000000000000       
7560001300009T 0203325000000002358220000000005001014     1404223-5       08042018000000000000300756033250                         091000084483270982CLAUDIOMIR JOSE CANAN                   0000000000000000000000000                           
7560001300010U 020000000000000000000000000000000000000000000000000000000000000000000000000000000000000000000000000000000000000000000000001011201700000000    00000000000000000000000                              75600000000000000000000       
75600015         00001200000000000000000000000000000000000000000000000000000000000000000000000000000000000000000000                                                                                                                             
75699999         000001000014000000                                                                                                                                                                                                             
